@article{I-item1,
  author  = {Pandey, Rashmi and Naik, Sapan and Marfatia, Roma},
  doi     = {10.5120/14209-2455},
  journal = {International Journal of Computer Applications},
  month   = {11},
  pages   = {29-39},
  title   = {Image Processing and Machine Learning for Automated Fruit Grading System: A Technical Review},
  volume  = {81},
  year    = {2013}
}

@inproceedings{II-item1,
  address   = {Boston, MA},
  author    = {Xul, Qiaobao and Zou, Xiaobo and Zhao, Jiewen},
  booktitle = {Computer and Computing Technologies in Agriculture II, Volume 3},
  editor    = {Zhao, Chunjiang and Li, Daoliang},
  isbn      = {978-1-4419-0213-9},
  pages     = {2231--2238},
  publisher = {Springer US},
  title     = {On-Line Detection of Defects on Fruit by Machinevision Systems Based on Three-Color-Cameras Systems},
  year      = {2009}
}

@article{II-item2,
  author  = {Devi, P. and Vijayarekha, K.},
  journal = {Rasayan Journal of Chemistry},
  month   = {01},
  pages   = {104-113},
  title   = {Machine vision applications to locate fruits, detect defects and remove noise: A review},
  volume  = {7},
  year    = {2014}
}

@article{II-item3,
  author  = {Siddhika Arunachalam and Harsh H. Kshatriya and Mamta Meena},
  doi     = {10.26438/ijcse/v6i10.637640},
  journal = {International Journal of Computer Sciences and Engineering},
  month   = {10},
  pages   = {637-640},
  title   = {Identification of Defects in Fruits Using Digital Image Processing},
  volume  = {6},
  year    = {2018}
}

@inproceedings{II-item4,
  author    = {G. {Moradi} and M. {Shamsi} and M. H. {Sedaghi} and M. R. {Alsharif}},
  booktitle = {2011 International Conference on Electronic Devices, Systems and Applications (ICEDSA)},
  doi       = {10.1109/ICEDSA.2011.5959033},
  pages     = {182-186},
  title     = {Fruit defect detection from color images using ACM and MFCM algorithms},
  year      = {2011}
}

@inproceedings{II-item5,
  author    = { {Yogesh} and A. K. {Dubey}},
  booktitle = {2016 5th International Conference on Reliability, Infocom Technologies and Optimization (Trends and Future Directions) (ICRITO)},
  doi       = {10.1109/ICRITO.2016.7785023},
  pages     = {590-594},
  title     = {Fruit defect detection based on speeded up robust feature technique},
  year      = {2016}
}

@article{II-item6,
  author  = {Dameshwari Sahu and Ravindra Manohar Potdar},
  journal = {American Journal of Artificial Intelligence},
  month   = {12},
  pages   = {5-14},
  title   = {Defect Identification and Maturity Detection of Mango Fruits Using Image Analysis},
  volume  = {1},
  year    = {2017}
}

@article{II-item7,
  author  = {Shiv Ram Dubey and Anand Singh Jalal},
  doi     = {10.4018/ijcvip.2012070104},
  journal = {International Journal of Computer Vision and Image Processing (IJCVIP)},
  pages   = {44-58},
  title   = {Adapted Approach for Fruit Disease Identification using Images},
  volume  = {2},
  year    = {2012}
}


@article{II-item8,
  author  = {Capizzi, Giacomo and Sciuto, Grazia and Napoli, Christian and Tramontana, Emiliano and Wo≈∫niak, M.},
  journal = {International Journal of Computer Science and Applications},
  month   = {01},
  pages   = {45-60},
  title   = {A novel neural networks-based texture image processing algorithm for orange defects classification},
  volume  = {13},
  year    = {2016}
}

@article{III-item1,
  author  = {Kass, Michael and Witkin, Andrew and Terzopoulos, Demetri},
  day     = {01},
  doi     = {10.1007/BF00133570},
  issn    = {1573-1405},
  journal = {International Journal of Computer Vision},
  month   = {01},
  number  = {4},
  pages   = {321-331},
  title   = {Snakes: Active contour models},
  volume  = {1},
  year    = {1988}
}

@article{IV-item1,
  author  = {Haralick, Robert M. and Shanmugam, K. and Dinstein, Its'Hak},
  doi     = {10.1109/TSMC.1973.4309314},
  journal = {IEEE Transactions on Systems, Man, and Cybernetics},
  number  = {6},
  pages   = {610-621},
  title   = {Textural Features for Image Classification},
  volume  = {SMC-3},
  year    = {1973}
}
